<record><leader>00000cas a2200000 a 4500</leader><controlfield tag="001">14407757</controlfield><controlfield tag="008">861017d18471847nyuwr ne      0   a0eng d</controlfield><datafield ind1=" " ind2=" " tag="010"><subfield code="a">sn 91065059 </subfield></datafield><datafield ind1=" " ind2=" " tag="040"><subfield code="a">TYC</subfield><subfield code="b">eng</subfield><subfield code="c">TYC</subfield><subfield code="d">NYS</subfield><subfield code="d">YOX</subfield><subfield code="d">OCL</subfield><subfield code="d">KRTAS</subfield><subfield code="d">OCLCQ</subfield><subfield code="d">OCLCF</subfield><subfield code="d">OCLCO</subfield></datafield><datafield ind1="1" ind2=" " tag="029"><subfield code="a">AU@</subfield><subfield code="b">000020124690</subfield></datafield><datafield ind1=" " ind2=" " tag="042"><subfield code="a">msc</subfield></datafield><datafield ind1=" " ind2=" " tag="043"><subfield code="a">n-us-ny</subfield></datafield><datafield ind1=" " ind2=" " tag="090"><subfield code="a">AP2</subfield><subfield code="b">.N6502</subfield></datafield><datafield ind1="0" ind2="0" tag="245"><subfield code="a">American literary gazette and New York weekly mirror.</subfield></datafield><datafield ind1="1" ind2="3" tag="246"><subfield code="a">American literary gazette and New York mirror</subfield></datafield><datafield ind1=" " ind2=" " tag="260"><subfield code="a">New York [N.Y.] :</subfield><subfield code="b">H. Fuller,</subfield><subfield code="c">1847.</subfield></datafield><datafield ind1=" " ind2=" " tag="300"><subfield code="a">1 v. :</subfield><subfield code="b">ill. ;</subfield><subfield code="c">32 cm.</subfield></datafield><datafield ind1="0" ind2=" " tag="362"><subfield code="a">Vol. 6, no. 1 (May 22, 1847)-v. 6, no. 20 (Oct. 2, 1847) = Whole no. 137-156.</subfield></datafield><datafield ind1=" " ind2=" " tag="500"><subfield code="a">"A reflex of domestic and foreign news, art, science, literature, politics, society."</subfield></datafield><datafield ind1=" " ind2=" " tag="515"><subfield code="a">Called also: New series.</subfield></datafield><datafield ind1=" " ind2=" " tag="530"><subfield code="a">Also issued on microfilm from the New York Public Library.</subfield></datafield><datafield ind1=" " ind2=" " tag="580"><subfield code="a">Daily ed.: Evening mirror (New York, N.Y.).</subfield></datafield><datafield ind1=" " ind2="0" tag="651"><subfield code="a">New York (N.Y.)</subfield><subfield code="v">Newspapers.</subfield></datafield><datafield ind1=" " ind2="7" tag="655"><subfield code="a">Newspapers.</subfield><subfield code="2">fast</subfield><subfield code="0">(OCoLC)fst01423814</subfield></datafield><datafield ind1=" " ind2="7" tag="651"><subfield code="a">New York (State)</subfield><subfield code="z">New York.</subfield><subfield code="2">fast</subfield><subfield code="0">(OCoLC)fst01204333</subfield></datafield><datafield ind1=" " ind2=" " tag="752"><subfield code="a">United States</subfield><subfield code="b">New York</subfield><subfield code="c">New York</subfield><subfield code="d">New York.</subfield></datafield><datafield ind1="1" ind2=" " tag="775"><subfield code="t">Evening mirror (New York, N.Y.)</subfield><subfield code="w">(DLC)sn 83030607</subfield><subfield code="w">(OCoLC)9548095</subfield></datafield><datafield ind1="0" ind2="0" tag="780"><subfield code="t">New York mirror (New York, N.Y. : 1845)</subfield><subfield code="w">(DLC)sn 91065058</subfield><subfield code="w">(OCoLC)1760095</subfield></datafield><datafield ind1="0" ind2="0" tag="785"><subfield code="t">New York weekly mirror and American literary gazette</subfield><subfield code="w">(DLC)sn 87056862</subfield><subfield code="w">(OCoLC)17272833</subfield></datafield><datafield ind1=" " ind2=" " tag="938"><subfield code="a">Kirtas Technologies, Inc.</subfield><subfield code="b">KRTS</subfield><subfield code="n">739737</subfield></datafield></record>